@article{sanren,
  author  = {殷浩栋 and 霍鹏 and 汪三贵},
  title   = {农业农村数字化转型:现实表征、影响机理与推进策略},
  journal = {改革},
  year    = {2020},
  langid  = {chinese}
}
@article{digital,
  author  = {赵金中},
  title   = {数字经济视角下改进农村生态环境促进生态农业经济发展的思考与策略},
  journal = {现代农业研究},
  volume  = {26},
  number  = {13--14},
  langid  = {chinese},
  year    = {2020}
}
@article{刘雨轩2019发展,
  title   = {发展"数字农业"推动传统农业转型升级},
  author  = {刘雨轩 and 王佳美 and 张巍},
  journal = {黑龙江畜牧兽医(下半月)},
  volume  = {000},
  number  = {005},
  langid  = {chinese},
  pages   = {1-6},
  year    = {2019}
}
@article{zoutao,
  author  = {周涛},
  title   = {以数字经济为导向加强生态农业建设——促进农业可持续发展},
  journal = {现代农业研究},
  volume  = {26},
  number  = {1--2},
  year    = {2020},
  langid  = {chinese}
}
@techreport{中金,
  author      = {中金各行业研究员},
  title       = {数字赋能经济：产业数字化未来已来},
  institution = {中金公司},
  year        = {2020}
}
@article{李素芳,
  title   = {改进农村生态环境促进生态农业经济发展},
  author  = {李素芳},
  journal = {财经界(学术版)},
  number  = {14},
  year    = {2019}
}